@misc{wiki:Optimisation_de_code,
   author = "Wikipedia",
   title = "{Optimisation de code} --- {W}ikipedia{,} The Free Encyclopedia",
   year = "2019",
   howpublished = "\url{http://fr.wikipedia.org/w/index.php?title=Optimisation\%20de\%20code&oldid=153609138}",
   note = "[Online; accessed 25-May-2019]"
 }